# ============= A ===================
@ARTICLE{Aaron:2016,
       author = {{Vincent}, Aaron C. and {Scott}, Pat and {Serenelli}, Aldo},
        title = "{Updated constraints on velocity and momentum-dependent asymmetric dark matter}",
      journal = {\jcap},
     keywords = {High Energy Physics - Phenomenology, Astrophysics - Cosmology and Nongalactic Astrophysics, Astrophysics - Solar and Stellar Astrophysics},
         year = 2016,
        month = nov,
       volume = {2016},
       number = {11},
          eid = {007},
        pages = {007},
          doi = {10.1088/1475-7516/2016/11/007},
archivePrefix = {arXiv},
       eprint = {1605.06502},
 primaryClass = {hep-ph},
       adsurl = {https://ui.adsabs.harvard.edu/abs/2016JCAP...11..007V},
      adsnote = {Provided by the SAO/NASA Astrophysics Data System}
}



@ARTICLE{Aaron:2015,
       author = {{Vincent}, Aaron C. and {Serenelli}, Aldo and {Scott}, Pat},
        title = "{Generalised form factor dark matter in the Sun}",
      journal = {\jcap},
     keywords = {High Energy Physics - Phenomenology, Astrophysics - Cosmology and Nongalactic Astrophysics, Astrophysics - Solar and Stellar Astrophysics},
         year = 2015,
        month = aug,
       volume = {2015},
       number = {8},
          eid = {040},
        pages = {040},
          doi = {10.1088/1475-7516/2015/08/040},
archivePrefix = {arXiv},
       eprint = {1504.04378},
 primaryClass = {hep-ph},
       adsurl = {https://ui.adsabs.harvard.edu/abs/2015JCAP...08..040V},
      adsnote = {Provided by the SAO/NASA Astrophysics Data System}
}



@ARTICLE{Abdallah:2015,
       author = {{Abdallah}, Jalal and {Araujo}, Henrique and {Arbey}, Alexandre and
         {Ashkenazi}, Adi and {Belyaev}, Alexander and {Berger}, Joshua and
         {Boehm}, Celine and {Boveia}, Antonio and {Brennan}, Amelia and
         {Brooke}, Jim and {Buchmueller}, Oliver and {Buckley}, Matthew and
         {Busoni}, Giorgio and {Calibbi}, Lorenzo and {Chauhan}, Sushil and
         {Daci}, Nadir and {Davies}, Gavin and {De Bruyn}, Isabelle and
         {De Jong}, Paul and {De Roeck}, Albert and {de Vries}, Kees and
         {Del Re}, Daniele and {De Simone}, Andrea and {Di Simone}, Andrea and
         {Doglioni}, Caterina and {Dolan}, Matthew and {Dreiner}, Herbi K. and
         {Ellis}, John and {Eno}, Sarah and {Etzion}, Erez and
         {Fairbairn}, Malcolm and {Feldstein}, Brian and {Flaecher}, Henning and
         {Feng}, Eric and {Fox}, Patrick and {Genest}, Marie-H{\'e}l{\`e}ne and
         {Gouskos}, Loukas and {Gramling}, Johanna and {Haisch}, Ulrich and
         {Harnik}, Roni and {Hibbs}, Anthony and {Hoh}, Siewyan and
         {Hopkins}, Walter and {Ippolito}, Valerio and {Jacques}, Thomas and
         {Kahlhoefer}, Felix and {Khoze}, Valentin V. and {Kirk}, Russell and
         {Korn}, Andreas and {Kotov}, Khristian and {Kunori}, Shuichi and {Land
        sberg}, Greg and {Liem}, Sebastian and {Lin}, Tongyan and
         {Lowette}, Steven and {Lucas}, Robyn and {Malgeri}, Luca and
         {Malik}, Sarah and {McCabe}, Christopher and {Mete}, Alaettin Serhan and
         {Morgante}, Enrico and {Mrenna}, Stephen and {Nakahama}, Yu and
         {Newbold}, Dave and {Nordstrom}, Karl and {Pani}, Priscilla and
         {Papucci}, Michele and {Pataraia}, Sophio and {Penning}, Bjoern and
         {Pinna}, Deborah and {Polesello}, Giacomo and {Racco}, Davide and
         {Re}, Emanuele and {Riotto}, Antonio Walter and {Rizzo}, Thomas and
         {Salek}, David and {Sarkar}, Subir and {Schramm}, Steven and
         {Skubic}, Patrick and {Slone}, Oren and {Smirnov}, Juri and
         {Soreq}, Yotam and {Sumner}, Timothy and {Tait}, Tim M.~P. and
         {Thomas}, Marc and {Tomalin}, Ian and {Tunnell}, Christopher and
         {Vichi}, Alessandro and {Volansky}, Tomer and {Weiner}, Neal and
         {West}, Stephen M. and {Wielers}, Monika and {Worm}, Steven and
         {Yavin}, Itay and {Zaldivar}, Bryan and {Zhou}, Ning and
         {Zurek}, Kathryn},
        title = "{Simplified models for dark matter searches at the LHC}",
      journal = {Physics of the Dark Universe},
     keywords = {Dark matter, Direct detection, Collider search for dark matter, Simplified models, Effective field theory, High Energy Physics - Phenomenology},
         year = "2015",
        month = "Sep",
       volume = {9},
        pages = {8-23},
          doi = {10.1016/j.dark.2015.08.001},
archivePrefix = {arXiv},
       eprint = {1506.03116},
 primaryClass = {hep-ph},
       adsurl = {https://ui.adsabs.harvard.edu/abs/2015PDU.....9....8A},
      adsnote = {Provided by the SAO/NASA Astrophysics Data System}
}



@article{Abel:2001,
      author         = "Abel, Tom and Bryan, Greg L. and Norman, Michael L.",
      title          = "{The formation of the first star in the Universe}",
      journal        = "Science",
      volume         = "295",
      year           = "2002",
      pages          = "93",
      doi            = "10.1126/science.295.5552.93, 10.1126/science.1063991",
      eprint         = "astro-ph/0112088",
      archivePrefix  = "arXiv",
      primaryClass   = "astro-ph",
      SLACcitation   = "%%CITATION = ASTRO-PH/0112088;%%"
}

@ARTICLE{Albuquerque:2001,
       author = {{Albuquerque}, Ivone F.~M. and {Hui}, Lam and {Kolb}, Edward W.},
        title = "{High energy neutrinos from superheavy dark matter annihilation}",
      journal = {\prd},
     keywords = {98.80.Cq, Particle-theory and field-theory models of the early Universe, High Energy Physics - Phenomenology, Astrophysics},
         year = "2001",
        month = "Oct",
       volume = {64},
       number = {8},
        pages = {083504},
          doi = {10.1103/PhysRevD.64.083504},
archivePrefix = {arXiv},
       eprint = {hep-ph/0009017},
 primaryClass = {hep-ph},
       adsurl = {https://ui.adsabs.harvard.edu/abs/2001PhRvD..64h3504A},
      adsnote = {Provided by the SAO/NASA Astrophysics Data System}
}


@article{albuquerque2002neutrino,
  title={Neutrino telescopesâ€™ sensitivity to dark matter},
  author={Albuquerque, Ivone FM and Lamoureux, Jodi and Smoot, George F},
  journal={Physical Review D},
  volume={66},
  number={12},
  pages={125006},
  year={2002},
  publisher={APS}
}

@article{albuquerque2003direct,
  title={Direct detection constraints on superheavy dark matter},
  author={Albuquerque, Ivone FM and Baudis, Laura},
  journal={Physical review letters},
  volume={90},
  number={22},
  pages={221301},
  year={2003},
  publisher={APS}
}


@article{Albuquerque:2010closing,
      author         = "Albuquerque, Ivone F. M. and Perez de los Heros, Carlos",
      title          = "{Closing the Window on Strongly Interacting Dark Matter
                        with IceCube}",
      journal        = "Phys. Rev.",
      volume         = "D81",
      year           = "2010",
      pages          = "063510",
      doi            = "10.1103/PhysRevD.81.063510",
      eprint         = "1001.1381",
      archivePrefix  = "arXiv",
      primaryClass   = "astro-ph.HE",
      reportNumber   = "FERMILAB-PUB-09-624-A",
      SLACcitation   = "%%CITATION = ARXIV:1001.1381;%%"
}


@article{Aprilie:2018,
  title = {Dark Matter Search Results from a One Ton-Year Exposure of XENON1T},
  author =  {Aprile, E. and et al.},
  collaboration = {XENON Collaboration  7},
  journal = {Phys. Rev. Lett.},
  volume = {121},
  issue = {11},
  pages = {111302},
  numpages = {8},
  year = {2018},
  month = {Sep},
  publisher = {American Physical Society},
  doi = {10.1103/PhysRevLett.121.111302},
  url = {https://link.aps.org/doi/10.1103/PhysRevLett.121.111302}
}
@article{Aprile_2012,
   title={Dark Matter Results from 225 Live Days of XENON100 Data},
   volume={109},
   ISSN={1079-7114},
   url={http://dx.doi.org/10.1103/PhysRevLett.109.181301},
   DOI={10.1103/physrevlett.109.181301},
   number={18},
   journal={Physical Review Letters},
   publisher={American Physical Society (APS)},
   author={Aprile, E. and Alfonsi, M. and Arisaka, K. and Arneodo, F. and Balan, C. and Baudis, L. and Bauermeister, B. and Behrens, A. and Beltrame, P. and Bokeloh, K. and et al.},
   year={2012},
   month={Nov}
}

@article{Aprilie:2019,
  title = {Constraining the Spin-Dependent WIMP-Nucleon Cross Sections with XENON1T},
  author = {Aprile, E. and et al.},
  collaboration = {XENON Collaboration  4},
  journal = {Phys. Rev. Lett.},
  volume = {122},
  issue = {14},
  pages = {141301},
  numpages = {6},
  year = {2019},
  month = {Apr},
  publisher = {American Physical Society},
  doi = {10.1103/PhysRevLett.122.141301},
  url = {https://link.aps.org/doi/10.1103/PhysRevLett.122.141301}
}


# ============= B ===================

@ARTICLE{Babcock:1939,
       author = {{Babcock}, Horace W.},
        title = "{The rotation of the Andromeda Nebula}",
      journal = {Lick Observatory Bulletin},
     keywords = {ANDROMEDA GALAXY},
         year = 1939,
        month = jan,
       volume = {498},
        pages = {41-51},
          doi = {10.5479/ADS/bib/1939LicOB.19.41B},
       adsurl = {https://ui.adsabs.harvard.edu/abs/1939LicOB..19...41B},
      adsnote = {Provided by the SAO/NASA Astrophysics Data System}
}


@ARTICLE{Banados:2018,
       author = {{Ba{\~n}ados}, Eduardo and {Venemans}, Bram P. and
         {Mazzucchelli}, Chiara and {Farina}, Emanuele P. and {Walter}, Fabian and
         {Wang}, Feige and {Decarli}, Roberto and {Stern}, Daniel and
         {Fan}, Xiaohui and {Davies}, Frederick B. and {Hennawi}, Joseph F. and
         {Simcoe}, Robert A. and {Turner}, Monica L. and {Rix}, Hans-Walter and
         {Yang}, Jinyi and {Kelson}, Daniel D. and {Rudie}, Gwen C. and
         {Winters}, Jan Martin},
        title = "{An 800-million-solar-mass black hole in a significantly neutral Universe at a redshift of 7.5}",
      journal = {\nat},
     keywords = {Astrophysics - Astrophysics of Galaxies, Astrophysics - Cosmology and Nongalactic Astrophysics},
         year = "2018",
        month = "Jan",
       volume = {553},
       number = {7689},
        pages = {473-476},
          doi = {10.1038/nature25180},
archivePrefix = {arXiv},
       eprint = {1712.01860},
 primaryClass = {astro-ph.GA},
       adsurl = {https://ui.adsabs.harvard.edu/abs/2018Natur.553..473B},
      adsnote = {Provided by the SAO/NASA Astrophysics Data System}
}


@ARTICLE{Banik:2019,
       author = {{Banik}, Nilanjan and {Tan}, Jonathan C. and {Monaco}, Pierluigi},
        title = "{The formation of supermassive black holes from Population III.1 seeds. I. Cosmic formation histories and clustering properties}",
      journal = {\mnras},
     keywords = {astroparticle physics, black hole physics, stars: formation, stars: Population III, galaxies: formation, dark matter, Astrophysics - Astrophysics of Galaxies, Astrophysics - Cosmology and Nongalactic Astrophysics},
         year = "2019",
        month = "Mar",
       volume = {483},
       number = {3},
        pages = {3592-3606},
          doi = {10.1093/mnras/sty3298},
archivePrefix = {arXiv},
       eprint = {1608.04421},
 primaryClass = {astro-ph.GA},
       adsurl = {https://ui.adsabs.harvard.edu/abs/2019MNRAS.483.3592B},
      adsnote = {Provided by the SAO/NASA Astrophysics Data System}
}



@ARTICLE{Bardeen:1986,
   author = {{Bardeen}, J.~M. and {Bond}, J.~R. and {Kaiser}, N. and {Szalay}, A.~S.
	},
    title = "{The statistics of peaks of Gaussian random fields}",
  journal = {\apj},
 keywords = {Cosmology, Density Distribution, Galactic Clusters, Galactic Evolution, Random Processes, Statistical Analysis, Density (Number/Volume), Mass Distribution, Mass To Light Ratios, Maxima, Missing Mass (Astrophysics), Probability Distribution Functions, Red Shift, Statistical Correlation, Velocity Distribution},
     year = 1986,
    month = may,
   volume = 304,
    pages = {15-61},
      doi = {10.1086/164143},
   adsurl = {https://ui.adsabs.harvard.edu/abs/1986ApJ...304...15B},
  adsnote = {Provided by the SAO/NASA Astrophysics Data System}
}

@ARTICLE{Barnes:1987,
   author = {{Barnes}, J. and {Efstathiou}, G.},
    title = "{Angular momentum from tidal torques}",
  journal = {\apj},
 keywords = {Angular Momentum, Dark Matter, Galactic Clusters, Galactic Evolution, Many Body Problem, Tides, Astronomical Models, Galactic Rotation, White Noise},
     year = 1987,
    month = aug,
   volume = 319,
    pages = {575-600},
      doi = {10.1086/165480},
   adsurl = {https://ui.adsabs.harvard.edu/abs/1987ApJ...319..575B},
  adsnote = {Provided by the SAO/NASA Astrophysics Data System}
}


@article{Barkana:2000,
      author         = "Barkana, Rennan and Loeb, Abraham",
      title          = "{In the beginning: The First sources of light and the
                        reionization of the Universe}",
      journal        = "Phys. Rept.",
      volume         = "349",
      year           = "2001",
      pages          = "125-238",
      doi            = "10.1016/S0370-1573(01)00019-9",
      eprint         = "astro-ph/0010468",
      archivePrefix  = "arXiv",
      primaryClass   = "astro-ph",
      SLACcitation   = "%%CITATION = ASTRO-PH/0010468;%%"
}

@ARTICLE{Baryakhtar:2017,
       author = {{Baryakhtar}, Masha and {Bramante}, Joseph and {Li}, Shirley Weishi and
         {Linden}, Tim and {Raj}, Nirmal},
        title = "{Dark Kinetic Heating of Neutron Stars and an Infrared Window on WIMPs, SIMPs, and Pure Higgsinos}",
      journal = {\prl},
     keywords = {High Energy Physics - Phenomenology, Astrophysics - Astrophysics of Galaxies, Astrophysics - High Energy Astrophysical Phenomena, Astrophysics - Instrumentation and Methods for Astrophysics, High Energy Physics - Experiment},
         year = 2017,
        month = sep,
       volume = {119},
       number = {13},
          eid = {131801},
        pages = {131801},
          doi = {10.1103/PhysRevLett.119.131801},
archivePrefix = {arXiv},
       eprint = {1704.01577},
 primaryClass = {hep-ph},
       adsurl = {https://ui.adsabs.harvard.edu/abs/2017PhRvL.119m1801B},
      adsnote = {Provided by the SAO/NASA Astrophysics Data System}
}


@ARTICLE{Bell:2020,
       author = {{Bell}, Nicole F. and {Busoni}, Giorgio and {Robles}, Sandra and
         {Virgato}, Michael},
        title = "{Improved Treatment of Dark Matter Capture in Neutron Stars}",
      journal = {arXiv e-prints},
     keywords = {High Energy Physics - Phenomenology, Astrophysics - Cosmology and Nongalactic Astrophysics, Astrophysics - High Energy Astrophysical Phenomena},
         year = 2020,
        month = apr,
          eid = {arXiv:2004.14888},
        pages = {arXiv:2004.14888},
archivePrefix = {arXiv},
       eprint = {2004.14888},
 primaryClass = {hep-ph},
       adsurl = {https://ui.adsabs.harvard.edu/abs/2020arXiv200414888B},
      adsnote = {Provided by the SAO/NASA Astrophysics Data System}
}


@ARTICLE{Bernabei:2008,
       author = {{Bernabei}, R. and {Belli}, P. and {Cappella}, F. and {Cerulli}, R. and {Dai}, C.~J. and {D'Angelo}, A. and {He}, H.~L. and {Incicchitti}, A. and {Kuang}, H.~H. and {Ma}, J.~M. and {Montecchia}, F. and {Nozzoli}, F. and {Prosperi}, D. and {Sheng}, X.~D. and {Ye}, Z.~P.},
        title = "{First results from DAMA/LIBRA and the combined results with DAMA/NaI}",
      journal = {European Physical Journal C},
     keywords = {Astrophysics},
         year = 2008,
        month = aug,
       volume = {56},
        pages = {333},
          doi = {10.1140/epjc/s10052-008-0662-y},
archivePrefix = {arXiv},
       eprint = {0804.2741},
 primaryClass = {astro-ph},
       adsurl = {https://ui.adsabs.harvard.edu/abs/2008EPJC...56..333B},
      adsnote = {Provided by the SAO/NASA Astrophysics Data System}
}


@ARTICLE{Bernabei:2018,
       author = {{Bernabei}, R. and {Belli}, P. and {Bussolotti}, A. and {Cappella}, F. and {Caracciolo}, V. and {Cerulli}, R. and {Dai}, C.~J. and {d'Angelo}, A. and {Di Marco}, A. and {He}, H.~L. and {Incicchitti}, A. and {Ma}, X.~H. and {Mattei}, A. and {Merlo}, V. and {Montecchia}, F. and {Sheng}, X.~D. and {Ye}, Z.~P.},
        title = "{First Model Independent Results from DAMA/LIBRA-Phase2}",
      journal = {Nuclear Physics and Atomic Energy},
     keywords = {High Energy Physics - Experiment, Astrophysics - Cosmology and Nongalactic Astrophysics, Physics - Instrumentation and Detectors},
         year = 2018,
        month = jan,
       volume = {19},
       number = {4},
        pages = {307-325},
          doi = {10.15407/jnpae2018.04.307},
archivePrefix = {arXiv},
       eprint = {1805.10486},
 primaryClass = {hep-ex},
       adsurl = {https://ui.adsabs.harvard.edu/abs/2018NPAE...19..307B},
      adsnote = {Provided by the SAO/NASA Astrophysics Data System}
}



@article{Bertone:2005,
title = "Particle dark matter: evidence, candidates and constraints",
journal = "Physics Reports",
volume = "405",
number = "5",
pages = "279 - 390",
year = "2005",
issn = "0370-1573",
doi = "https://doi.org/10.1016/j.physrep.2004.08.031",
url = "http://www.sciencedirect.com/science/article/pii/S0370157304003515",
author = "Gianfranco Bertone and Dan Hooper and Joseph Silk",
abstract = "In this review article, we discuss the current status of particle dark matter, including experimental evidence and theoretical motivations. We discuss a wide array of candidates for particle dark matter, but focus on neutralinos in models of supersymmetry and Kaluzaâ€“Klein dark matter in models of universal extra dimensions. We devote much of our attention to direct and indirect detection techniques, the constraints placed by these experiments and the reach of future experimental efforts."
}
@article{Bertone:2008,
  title = {Compact stars as dark matter probes},
  author = {Bertone, Gianfranco and Fairbairn, Malcolm},
  journal = {Phys. Rev. D},
  volume = {77},
  issue = {4},
  pages = {043515},
  numpages = {9},
  year = {2008},
  month = {Feb},
  publisher = {American Physical Society},
  doi = {10.1103/PhysRevD.77.043515},
  url = {https://link.aps.org/doi/10.1103/PhysRevD.77.043515}
}


@ARTICLE{Bertone:2018,
       author = {{Bertone}, Gianfranco and {Hooper}, Dan},
        title = "{History of dark matter}",
      journal = {Reviews of Modern Physics},
     keywords = {Astrophysics - Cosmology and Nongalactic Astrophysics, Astrophysics - Astrophysics of Galaxies, Astrophysics - High Energy Astrophysical Phenomena, High Energy Physics - Phenomenology},
         year = 2018,
        month = oct,
       volume = {90},
       number = {4},
          eid = {045002},
        pages = {045002},
          doi = {10.1103/RevModPhys.90.045002},
archivePrefix = {arXiv},
       eprint = {1605.04909},
 primaryClass = {astro-ph.CO},
       adsurl = {https://ui.adsabs.harvard.edu/abs/2018RvMP...90d5002B},
      adsnote = {Provided by the SAO/NASA Astrophysics Data System}
}



@article{Blumenthal:1985,
      author         = "Blumenthal, George R. and Faber, S. M. and Flores,
                        Ricardo and Primack, Joel R.",
      title          = "{Contraction of Dark Matter Galactic Halos Due to
                        Baryonic Infall}",
      journal        = "Astrophys. J.",
      volume         = "301",
      year           = "1986",
      pages          = "27",
      doi            = "10.1086/163867",
      reportNumber   = "SCIPP 85/42",
      SLACcitation   = "%%CITATION = ASJOA,301,27;%%"
}
@ARTICLE{Bramante:2017,
       author = {{Bramante}, Joseph and {Delgado}, Antonio and {Martin}, Adam},
        title = "{Multiscatter stellar capture of dark matter}",
      journal = {\prd},
     keywords = {High Energy Physics - Phenomenology},
         year = "2017",
        month = "Sep",
       volume = {96},
       number = {6},
          eid = {063002},
        pages = {063002},
          doi = {10.1103/PhysRevD.96.063002},
archivePrefix = {arXiv},
       eprint = {1703.04043},
 primaryClass = {hep-ph},
       adsurl = {https://ui.adsabs.harvard.edu/abs/2017PhRvD..96f3002B},
      adsnote = {Provided by the SAO/NASA Astrophysics Data System}
}

@ARTICLE{Bromm:2001,
   author = {{Bromm}, V. and {Kudritzki}, R.~P. and {Loeb}, A.},
    title = "{Generic Spectrum and Ionization Efficiency of a Heavy Initial Mass Function for the First Stars}",
  journal = {\apj},
   eprint = {astro-ph/0007248},
 keywords = {Cosmology: Theory, Cosmology: Early Universe, Galaxies: Intergalactic Medium, Stars: Atmospheres, Stars: Formation, Ultraviolet: Stars},
     year = 2001,
    month = may,
   volume = 552,
    pages = {464-472},
      doi = {10.1086/320549},
   adsurl = {https://ui.adsabs.harvard.edu/abs/2001ApJ...552..464B},
  adsnote = {Provided by the SAO/NASA Astrophysics Data System}
}


@article{Bromm:2003,
      author         = "Bromm, Volker and Larson, Richard B.",
      title          = "{The First stars}",
      journal        = "Ann. Rev. Astron. Astrophys.",
      volume         = "42",
      year           = "2004",
      pages          = "79-118",
      doi            = "10.1146/annurev.astro.42.053102.134034",
      eprint         = "astro-ph/0311019",
      archivePrefix  = "arXiv",
      primaryClass   = "astro-ph",
      SLACcitation   = "%%CITATION = ASTRO-PH/0311019;%%"
}

@ARTICLE{Bromm:2013,
       author = {{Bromm}, Volker},
        title = "{Formation of the first stars}",
      journal = {Reports on Progress in Physics},
     keywords = {Astrophysics - Cosmology and Extragalactic Astrophysics},
         year = "2013",
        month = "Nov",
       volume = {76},
       number = {11},
          eid = {112901},
        pages = {112901},
          doi = {10.1088/0034-4885/76/11/112901},
archivePrefix = {arXiv},
       eprint = {1305.5178},
 primaryClass = {astro-ph.CO},
       adsurl = {https://ui.adsabs.harvard.edu/abs/2013RPPh...76k2901B},
      adsnote = {Provided by the SAO/NASA Astrophysics Data System}
}


@article{bulbul2014detection,
  title={Detection of an unidentified emission line in the stacked X-ray spectrum of galaxy clusters},
  author={Bulbul, Esra and Markevitch, Maxim and Foster, Adam and Smith, Randall K and Loewenstein, Michael and Randall, Scott W},
  journal={The Astrophysical Journal},
  volume={789},
  number={1},
  pages={13},
  year={2014},
  publisher={IOP Publishing}
}

# ============= C ===================

@ARTICLE{Carlson:1992,
       author = {{Carlson}, Eric D. and {Machacek}, Marie E. and {Hall}, Lawrence J.},
        title = "{Self-interacting Dark Matter}",
      journal = {\apj},
     keywords = {Cosmology, Dark Matter, Particle Interactions, Universe, Computational Astrophysics, Decoupling, Density Distribution, Entropy, Gravitational Effects, Interstellar Chemistry, Astrophysics, COSMOLOGY: DARK MATTER, COSMOLOGY: THEORY, COSMOLOGY: EARLY UNIVERSE},
         year = 1992,
        month = oct,
       volume = {398},
        pages = {43},
          doi = {10.1086/171833},
       adsurl = {https://ui.adsabs.harvard.edu/abs/1992ApJ...398...43C},
      adsnote = {Provided by the SAO/NASA Astrophysics Data System}
}



@ARTICLE{Cheng:2002,
       author = {{Cheng}, Hsin-Chia and {Feng}, Jonathan L. and {Matchev}, Konstantin T.},
        title = "{Kaluza-Klein Dark Matter}",
      journal = {\prl},
     keywords = {95.35.+d, 11.10.Kk, 12.60.-i, Dark matter, Field theories in dimensions other than four, Models beyond the standard model, High Energy Physics - Phenomenology, Astrophysics, High Energy Physics - Experiment},
         year = "2002",
        month = "Oct",
       volume = {89},
       number = {21},
          eid = {211301},
        pages = {211301},
          doi = {10.1103/PhysRevLett.89.211301},
archivePrefix = {arXiv},
       eprint = {hep-ph/0207125},
 primaryClass = {hep-ph},
       adsurl = {https://ui.adsabs.harvard.edu/abs/2002PhRvL..89u1301C},
      adsnote = {Provided by the SAO/NASA Astrophysics Data System}
}

@ARTICLE{Clowe:2004,
       author = {{Clowe}, Douglas and {Gonzalez}, Anthony and {Markevitch}, Maxim},
        title = "{Weak-Lensing Mass Reconstruction of the Interacting Cluster 1E 0657-558: Direct Evidence for the Existence of Dark Matter}",
      journal = {\apj},
     keywords = {Cosmology: Dark Matter, Galaxies: Clusters: Individual: Alphanumeric: 1E 0657-556, Cosmology: Gravitational Lensing, Astrophysics},
         year = 2004,
        month = apr,
       volume = {604},
       number = {2},
        pages = {596-603},
          doi = {10.1086/381970},
archivePrefix = {arXiv},
       eprint = {astro-ph/0312273},
 primaryClass = {astro-ph},
       adsurl = {https://ui.adsabs.harvard.edu/abs/2004ApJ...604..596C},
      adsnote = {Provided by the SAO/NASA Astrophysics Data System}
}
    

@ARTICLE{Coc:2004,
       author = {{Coc}, Alain and {Vangioni-Flam}, Elisabeth and {Descouvemont}, Pierre and
         {Adahchour}, Abderrahim and {Angulo}, Carmen},
        title = "{Updated Big Bang Nucleosynthesis Compared with Wilkinson Microwave Anisotropy Probe Observations and the Abundance of Light Elements}",
      journal = {\apj},
     keywords = {Cosmology: Cosmological Parameters, Cosmology: Early Universe, Nuclear Reactions, Nucleosynthesis, Abundances, Astrophysics},
         year = 2004,
        month = jan,
       volume = {600},
       number = {2},
        pages = {544-552},
          doi = {10.1086/380121},
archivePrefix = {arXiv},
       eprint = {astro-ph/0309480},
 primaryClass = {astro-ph},
       adsurl = {https://ui.adsabs.harvard.edu/abs/2004ApJ...600..544C},
      adsnote = {Provided by the SAO/NASA Astrophysics Data System}
}


@ARTICLE{Cosine:2018,
       author = {{Cosine-100 Collaboration} and {Adhikari}, Govinda and {Adhikari}, Pushparaj and {de Souza}, Estella Barbosa and {Carlin}, Nelson and {Choi}, Seonho and {Djamal}, Mitra and {Ezeribe}, Anthony C. and {Ha}, Chang Hyon and {Hahn}, Insik and {Hubbard}, Antonia J.~F. and {Jeon}, Eunju and {Jo}, Jay Hyun and {Joo}, Hanwool and {Kang}, Woon Gu and {Kang}, Woosik and {Kauer}, Matthew and {Kim}, Bonghee and {Kim}, Hongjoo and {Kim}, Hyounggyu and {Kim}, Kyungwon and {Kim}, Nam Young and {Kim}, Sun Kee and {Kim}, Yeongduk and {Kim}, Yong-Hamb and {Ko}, Young Ju and {Kudryavtsev}, Vitaly A. and {Lee}, Hyun Su and {Lee}, Jaison and {Lee}, Jooyoung and {Lee}, Moo Hyun and {Leonard}, Douglas S. and {Lynch}, Warren A. and {Maruyama}, Reina H. and {Mouton}, Frederic and {Olsen}, Stephen L. and {Park}, Byungju and {Park}, Hyang Kyu and {Park}, Hyeonseo and {Park}, Jungsic and {Park}, Kangsoon and {Pettus}, Walter C. and {Prihtiadi}, Hafizh and {Ra}, Sejin and {Rott}, Carsten and {Scarff}, Andrew and {Shin}, Keon Ah and {Spooner}, Neil J.~C. and {Thompson}, William G. and {Yang}, Liang and {Yong}, Seok Hyun},
        title = "{An experiment to search for dark-matter interactions using sodium iodide detectors}",
      journal = {\nat},
     keywords = {Astrophysics - Instrumentation and Methods for Astrophysics, Astrophysics - Cosmology and Nongalactic Astrophysics, High Energy Physics - Experiment},
         year = 2018,
        month = dec,
       volume = {564},
       number = {7734},
        pages = {83-86},
          doi = {10.1038/s41586-018-0739-1},
archivePrefix = {arXiv},
       eprint = {1906.01791},
 primaryClass = {astro-ph.IM},
       adsurl = {https://ui.adsabs.harvard.edu/abs/2018Natur.564...83C},
      adsnote = {Provided by the SAO/NASA Astrophysics Data System}
}


@ARTICLE{Cosine:2019,
       author = {{Adhikari}, G. and {Adhikari}, P. and {de Souza}, E. Barbosa and {Carlin}, N. and {Choi}, S. and {Djamal}, M. and {Ezeribe}, A.~C. and {Ha}, C. and {Hahn}, I.~S. and {Jeon}, E.~J. and {Jo}, J.~H. and {Joo}, H.~W. and {Kang}, W.~G. and {Kang}, W. and {Kauer}, M. and {Kim}, G.~S. and {Kim}, H. and {Kim}, H.~J. and {Kim}, K.~W. and {Kim}, N.~Y. and {Kim}, S.~K. and {Kim}, Y.~D. and {Kim}, Y.~H. and {Ko}, Y.~J. and {Kudryavtsev}, V.~A. and {Lee}, H.~S. and {Lee}, J. and {Lee}, J.~Y. and {Lee}, M.~H. and {Leonard}, D.~S. and {Lynch}, W.~A. and {Maruyama}, R.~H. and {Mouton}, F. and {Olsen}, S.~L. and {Park}, B.~J. and {Park}, H.~K. and {Park}, H.~S. and {Park}, K.~S. and {Pitta}, R.~L.~C. and {Prihtiadi}, H. and {Ra}, S.~J. and {Rott}, C. and {Shin}, K.~A. and {Scarff}, A. and {Spooner}, N.~J.~C. and {Thompson}, W.~G. and {Yang}, L. and {Yu}, G.~H. and {Cosine-100 Collaboration}},
        title = "{Search for a Dark Matter-Induced Annual Modulation Signal in NaI(Tl) with the COSINE-100 Experiment}",
      journal = {\prl},
     keywords = {Astrophysics - Instrumentation and Methods for Astrophysics, Astrophysics - Cosmology and Nongalactic Astrophysics, High Energy Physics - Experiment, Physics - Instrumentation and Detectors},
         year = 2019,
        month = jul,
       volume = {123},
       number = {3},
          eid = {031302},
        pages = {031302},
          doi = {10.1103/PhysRevLett.123.031302},
archivePrefix = {arXiv},
       eprint = {1903.10098},
 primaryClass = {astro-ph.IM},
       adsurl = {https://ui.adsabs.harvard.edu/abs/2019PhRvL.123c1302A},
      adsnote = {Provided by the SAO/NASA Astrophysics Data System}
}


@article{crotty2002high,
  title={High-energy neutrino fluxes from supermassive dark matter},
  author={Crotty, Patrick},
  journal={Physical Review D},
  volume={66},
  number={6},
  pages={063504},
  year={2002},
  publisher={APS}
}



# ============= D ===================

@article{Dasgupta:2019juq,
    author = "Dasgupta, Basudeb and Gupta, Aritra and Ray, Anupam",
    archivePrefix = "arXiv",
    doi = "10.1088/1475-7516/2019/08/018",
    eprint = "1906.04204",
    journal = "JCAP",
    pages = "018",
    primaryClass = "hep-ph",
    reportNumber = "TIFR/TH/19-20",
    title = "{Dark matter capture in celestial objects: Improved treatment of multiple scattering and updated constraints from white dwarfs}",
    volume = "08",
    year = "2019"
}


@article{Drunkier:1986,
  title = {Detecting cold dark-matter candidates},
  author = {Drukier, Andrzej K. and Freese, Katherine and Spergel, David N.},
  journal = {Phys. Rev. D},
  volume = {33},
  issue = {12},
  pages = {3495--3508},
  numpages = {0},
  year = {1986},
  month = {Jun},
  publisher = {American Physical Society},
  doi = {10.1103/PhysRevD.33.3495},
  url = {https://link.aps.org/doi/10.1103/PhysRevD.33.3495}
}

@ARTICLE{Dubinksi:1991,
   author = {{Dubinski}, J. and {Carlberg}, R.~G.},
    title = "{The structure of cold dark matter halos}",
  journal = {\apj},
 keywords = {Computational Astrophysics, Dark Matter, Galactic Structure, Gravitational Collapse, Halos, Many Body Problem, Computerized Simulation, Particle Density (Concentration), Tides},
     year = 1991,
    month = sep,
   volume = 378,
    pages = {496-503},
      doi = {10.1086/170451},
   adsurl = {https://ui.adsabs.harvard.edu/abs/1991ApJ...378..496D},
  adsnote = {Provided by the SAO/NASA Astrophysics Data System}
}

@article{Duffy:2009,
	doi = {10.1088/1367-2630/11/10/105008},
	url = {https://doi.org/10.1088%2F1367-2630%2F11%2F10%2F105008},
	year = 2009,
	month = {oct},
	publisher = {{IOP} Publishing},
	volume = {11},
	number = {10},
	pages = {105008},
	author = {Leanne D Duffy and Karl van Bibber},
	title = {Axions as dark matter particles},
	journal = {New Journal of Physics},
	abstract = {We overview the current status of axions as dark matter. The axion is the pseudo-Nambuâ€“Goldstone boson which arises from the Pecceiâ€“Quinn solution to the strong CP problem. Additionally, cold axion populations that can contribute to the dark matter of the universe will be generated via this mechanism. After reviewing these topics, we focus on constraints from the laboratory, astrophysics and cosmology. We discuss the current status of experimental searches and the consequences of the distribution of dark matter axions in the galactic halo for these searches. The axion remains an excellent candidate for the dark matter and future experiments, particularly the Axion Dark Matter eXperiment (ADMX), will cover a large fraction of the axion parameter space.}
}


# ============= E ===================


@article{Ellis:2000,
      author         = "Ellis, John R. and Ferstl, Andrew and Olive, Keith A.",
      title          = "{Reevaluation of the elastic scattering of supersymmetric
                        dark matter}",
      journal        = "Phys. Lett.",
      volume         = "B481",
      year           = "2000",
      pages          = "304-314",
      doi            = "10.1016/S0370-2693(00)00459-7",
      eprint         = "hep-ph/0001005",
      archivePrefix  = "arXiv",
      primaryClass   = "hep-ph",
      reportNumber   = "CERN-TH-2000-001, UMN-TH-1834-2000, TPI-MINN-2000-01,
                        CERN-TH-2K-001, TPI-MINN-00-01",
      SLACcitation   = "%%CITATION = HEP-PH/0001005;%%"
}


# ============= F ===================

@article{Freese:2008cap,
      author         = "Freese, Katherine and Spolyar, Douglas and Aguirre,
                        Anthony",
      title          = "{Dark Matter Capture in the first star: a Power source
                        and a limit on Stellar Mass}",
      journal        = "JCAP",
      volume         = "0811",
      year           = "2008",
      pages          = "014",
      doi            = "10.1088/1475-7516/2008/11/014",
      eprint         = "0802.1724",
      archivePrefix  = "arXiv",
      primaryClass   = "astro-ph",
      SLACcitation   = "%%CITATION = ARXIV:0802.1724;%%"
}

@article{Freese:2008ds,
      author         = "Freese, Katherine and Bodenheimer, Peter and Spolyar,
                        Douglas and Gondolo, Paolo",
      title          = "{Stellar Structure of Dark Stars: a first phase of
                        Stellar Evolution due to Dark Matter Annihilation}",
      journal        = "Astrophys. J.",
      volume         = "685",
      year           = "2008",
      pages          = "L101-L112",
      doi            = "10.1086/592685",
      eprint         = "0806.0617",
      archivePrefix  = "arXiv",
      primaryClass   = "astro-ph",
      SLACcitation   = "%%CITATION = ARXIV:0806.0617;%%"
}
@article{Freese:2010smds,
      author         = "Freese, Katherine and Ilie, Cosmin and Spolyar, Douglas
                        and Valluri, Monica and Bodenheimer, Peter",
      title          = "{Supermassive Dark Stars: Detectable in JWST}",
      journal        = "Astrophys. J.",
      volume         = "716",
      year           = "2010",
      pages          = "1397-1407",
      doi            = "10.1088/0004-637X/716/2/1397",
      eprint         = "1002.2233",
      archivePrefix  = "arXiv",
      primaryClass   = "astro-ph.CO",
      reportNumber   = "FERMILAB-PUB-10-064-A",
      SLACcitation   = "%%CITATION = ARXIV:1002.2233;%%"
}

@ARTICLE{Freese:2013,
       author = {{Freese}, Katherine and {Lisanti}, Mariangela and {Savage}, Christopher},
        title = "{Colloquium: Annual modulation of dark matter}",
      journal = {Reviews of Modern Physics},
     keywords = {95.35.+d, 12.60.-i, 95.30.Cq, Dark matter, Models beyond the standard model, Elementary particle processes, Astrophysics - Cosmology and Nongalactic Astrophysics, High Energy Physics - Phenomenology},
         year = 2013,
        month = oct,
       volume = {85},
       number = {4},
        pages = {1561-1581},
          doi = {10.1103/RevModPhys.85.1561},
archivePrefix = {arXiv},
       eprint = {1209.3339},
 primaryClass = {astro-ph.CO},
       adsurl = {https://ui.adsabs.harvard.edu/abs/2013RvMP...85.1561F},
      adsnote = {Provided by the SAO/NASA Astrophysics Data System}
}


@article{Freese:2016dark,
  title={Dark stars: a review},
  author={Freese, Katherine and Rindler-Daller, Tanja and Spolyar, Douglas and Valluri, Monica},
  journal={Reports on Progress in Physics},
  volume={79},
  number={6},
  pages={066902},
  year={2016},
  publisher={IOP Publishing}
}

@article{Freese:2017dm,
      author         = "Freese, Katherine",
      title          = "{Status of Dark Matter in the Universe}",
      booktitle      = "{Proceedings, 14th Marcel Grossmann Meeting on Recent
                        Developments in Theoretical and Experimental General
                        Relativity, Astrophysics, and Relativistic Field Theories
                        (MG14) (In 4 Volumes): Rome, Italy, July 12-18, 2015}",
      journal        = "Int. J. Mod. Phys.",
      volume         = "1",
      year           = "2017",
      number         = "06",
      pages          = "325-355",
      doi            = "10.1142/S0218271817300129, 10.1142/9789813226609_0018",
      eprint         = "1701.01840",
      archivePrefix  = "arXiv",
      primaryClass   = "astro-ph.CO",
      SLACcitation   = "%%CITATION = ARXIV:1701.01840;%%"
}


@ARTICLE{Frenk:1988,
   author = {{Frenk}, C.~S. and {White}, S.~D.~M. and {Davis}, M. and {Efstathiou}, G.
	},
    title = "{The formation of dark halos in a universe dominated by cold dark matter}",
  journal = {\apj},
 keywords = {Cosmology, Dark Matter, Galactic Evolution, Galactic Structure, Spiral Galaxies, Stellar Luminosity, Astronomical Models, Computational Astrophysics, Galactic Clusters, Morphology, Universe},
     year = 1988,
    month = apr,
   volume = 327,
    pages = {507-525},
      doi = {10.1086/166213},
   adsurl = {https://ui.adsabs.harvard.edu/abs/1988ApJ...327..507F},
  adsnote = {Provided by the SAO/NASA Astrophysics Data System}
}


# ============= G ===================

@ARTICLE{Garani:2017,
       author = {{Garani}, Raghuveer and {Palomares-Ruiz}, Sergio},
        title = "{Dark matter in the Sun: scattering off electrons vs nucleons}",
      journal = {\jcap},
     keywords = {High Energy Physics - Phenomenology, Astrophysics - Cosmology and Nongalactic Astrophysics},
         year = 2017,
        month = may,
       volume = {2017},
       number = {5},
          eid = {007},
        pages = {007},
          doi = {10.1088/1475-7516/2017/05/007},
archivePrefix = {arXiv},
       eprint = {1702.02768},
 primaryClass = {hep-ph},
       adsurl = {https://ui.adsabs.harvard.edu/abs/2017JCAP...05..007G},
      adsnote = {Provided by the SAO/NASA Astrophysics Data System}
}



@ARTICLE{Gerhard:1985,
   author = {{Gerhard}, O.~E. and {Binney}, J.},
    title = "{Triaxial galaxies containing massive black holes or central density cusps}",
  journal = {\mnras},
 keywords = {Black Holes (Astronomy), Elliptical Galaxies, Galactic Structure, Orbit Perturbation, Stellar Orbits, Astronomical Models, Galactic Nuclei, Gravitational Effects, Potential Theory, Star Distribution},
     year = 1985,
    month = sep,
   volume = 216,
    pages = {467-502},
      doi = {10.1093/mnras/216.2.467},
   adsurl = {https://ui.adsabs.harvard.edu/abs/1985MNRAS.216..467G},
  adsnote = {Provided by the SAO/NASA Astrophysics Data System}
}

@ARTICLE{Gondolo:2010dmds,
       author = {{Gondolo}, Paolo and {Huh}, Ji-Haeng and {Do Kim}, Hyung and
         {Scopel}, Stefano},
        title = "{Dark matter that can form dark stars}",
      journal = {\jcap},
     keywords = {Astrophysics - Cosmology and Nongalactic Astrophysics, High Energy Physics - Phenomenology},
         year = "2010",
        month = "Jul",
       volume = {2010},
       number = {7},
          eid = {026},
        pages = {026},
          doi = {10.1088/1475-7516/2010/07/026},
archivePrefix = {arXiv},
       eprint = {1004.1258},
 primaryClass = {astro-ph.CO},
       adsurl = {https://ui.adsabs.harvard.edu/abs/2010JCAP...07..026G},
      adsnote = {Provided by the SAO/NASA Astrophysics Data System}
}

@article{Gould:1987,
      author         = "Gould, Andrew",
      title          = "{Direct and Indirect Capture of Wimps by the Earth}",
      journal        = "Astrophys. J.",
      volume         = "328",
      year           = "1988",
      pages          = "919-939",
      doi            = "10.1086/166347",
      reportNumber   = "SLAC-PUB-4423",
      SLACcitation   = "%%CITATION = ASJOA,328,919;%%"
}

@ARTICLE{Gould:1987resonant,
   author = {{Gould}, A.},
    title = "{Resonant enhancements in weakly interacting massive particle capture by the earth}",
  journal = {\apj},
 keywords = {Capture Effect, Earth Environment, Elementary Particle Interactions, Particle Mass, Resonance, Weak Interactions (Field Theory), Dirac Equation, Neutrinos, Solar Temperature},
     year = 1987,
    month = oct,
   volume = 321,
    pages = {571-585},
      doi = {10.1086/165653},
   adsurl = {https://ui.adsabs.harvard.edu/abs/1987ApJ...321..571G},
  adsnote = {Provided by the SAO/NASA Astrophysics Data System}
}

@article{Gould:1989,
      author         = "Gould, Andrew and Draine, Bruce T. and Romani, Roger W.
                        and Nussinov, Shmuel",
      title          = "{Neutron Stars: Graveyard of Charged Dark Matter}",
      journal        = "Phys. Lett.",
      volume         = "B238",
      year           = "1990",
      pages          = "337-343",
      doi            = "10.1016/0370-2693(90)91745-W",
      reportNumber   = "IASSNS-AST 89/55",
      SLACcitation   = "%%CITATION = PHLTA,B238,337;%%"
}

@article{Griest:1986,
      author         = "Griest, K. and Seckel, D.",
      title          = "{Cosmic Asymmetry, Neutrinos and the Sun}",
      journal        = "Nucl. Phys.",
      volume         = "B283",
      year           = "1987",
      pages          = "681-705",
      doi            = "10.1016/0550-3213(87)90293-8,
                        10.1016/0550-3213(88)90409-9",
      note           = "[Erratum: Nucl. Phys.B296,1034(1988)]",
      reportNumber   = "CERN-TH-4505/86, SCIPP 86/60",
      SLACcitation   = "%%CITATION = NUPHA,B283,681;%%"
}

# ============= H ===================

@ARTICLE{Hansel:2001,
       author = {{Haensel}, P.},
        title = "{Apparent radii of neutron stars and equation of state of dense matter}",
      journal = {\aap},
     keywords = {DENSE MATTER, EQUATION OF STATE, STARS: NEUTRON, STARS, Astrophysics},
         year = 2001,
        month = dec,
       volume = {380},
        pages = {186-189},
          doi = {10.1051/0004-6361:20011358},
archivePrefix = {arXiv},
       eprint = {astro-ph/0105485},
 primaryClass = {astro-ph},
       adsurl = {https://ui.adsabs.harvard.edu/abs/2001A&A...380..186H},
      adsnote = {Provided by the SAO/NASA Astrophysics Data System}
}



@article{heger2010nucleosynthesis,
  title={Nucleosynthesis and evolution of massive metal-free stars},
  author={Heger, Alexander and Woosley, SE},
  journal={The Astrophysical Journal},
  volume={724},
  number={1},
  pages={341},
  year={2010},
  publisher={IOP Publishing}
}

@ARTICLE{Eisenstein:2005,
       author = {{Eisenstein}, Daniel J. and {Zehavi}, Idit and {Hogg}, David W. and
         {Scoccimarro}, Roman and {Blanton}, Michael R. and {Nichol}, Robert C. and
         {Scranton}, Ryan and {Seo}, Hee-Jong and {Tegmark}, Max and
         {Zheng}, Zheng and {Anderson}, Scott F. and {Annis}, Jim and
         {Bahcall}, Neta and {Brinkmann}, Jon and {Burles}, Scott and {Castand
        er}, Francisco J. and {Connolly}, Andrew and {Csabai}, Istvan and
         {Doi}, Mamoru and {Fukugita}, Masataka and {Frieman}, Joshua A. and
         {Glazebrook}, Karl and {Gunn}, James E. and {Hendry}, John S. and
         {Hennessy}, Gregory and {Ivezi{\'c}}, Zeljko and {Kent}, Stephen and
         {Knapp}, Gillian R. and {Lin}, Huan and {Loh}, Yeong-Shang and
         {Lupton}, Robert H. and {Margon}, Bruce and {McKay}, Timothy A. and
         {Meiksin}, Avery and {Munn}, Jeffery A. and {Pope}, Adrian and
         {Richmond}, Michael W. and {Schlegel}, David and
         {Schneider}, Donald P. and {Shimasaku}, Kazuhiro and
         {Stoughton}, Christopher and {Strauss}, Michael A. and
         {SubbaRao}, Mark and {Szalay}, Alexander S. and {Szapudi}, Istv{\'a}n and
         {Tucker}, Douglas L. and {Yanny}, Brian and {York}, Donald G.},
        title = "{Detection of the Baryon Acoustic Peak in the Large-Scale Correlation Function of SDSS Luminous Red Galaxies}",
      journal = {\apj},
     keywords = {Cosmology: Cosmic Microwave Background, Cosmology: Cosmological Parameters, Cosmology: Observations, Cosmology: Distance Scale, Galaxies: Elliptical and Lenticular, cD, Cosmology: Large-Scale Structure of Universe, Astrophysics},
         year = 2005,
        month = nov,
       volume = {633},
       number = {2},
        pages = {560-574},
          doi = {10.1086/466512},
archivePrefix = {arXiv},
       eprint = {astro-ph/0501171},
 primaryClass = {astro-ph},
       adsurl = {https://ui.adsabs.harvard.edu/abs/2005ApJ...633..560E},
      adsnote = {Provided by the SAO/NASA Astrophysics Data System}
}


@ARTICLE{Hochberg:2014,
       author = {{Hochberg}, Yonit and {Kuflik}, Eric and {Volansky}, Tomer and {Wacker}, Jay G.},
        title = "{The SIMP Miracle}",
      journal = {arXiv e-prints},
     keywords = {High Energy Physics - Phenomenology},
         year = 2014,
        month = feb,
          eid = {arXiv:1402.5143},
        pages = {arXiv:1402.5143},
archivePrefix = {arXiv},
       eprint = {1402.5143},
 primaryClass = {hep-ph},
       adsurl = {https://ui.adsabs.harvard.edu/abs/2014arXiv1402.5143H},
      adsnote = {Provided by the SAO/NASA Astrophysics Data System}
}




@article{hooper2011dark,
  title={Dark matter annihilation in the galactic center as seen by the Fermi gamma ray space telescope},
  author={Hooper, Dan and Goodenough, Lisa},
  journal={Physics Letters B},
  volume={697},
  number={5},
  pages={412--428},
  year={2011},
  publisher={Elsevier}
}

@article{hui2001unitarity,
  title={Unitarity bounds and the cuspy halo problem},
  author={Hui, Lam},
  journal={Physical review letters},
  volume={86},
  number={16},
  pages={3467},
  year={2001},
  publisher={APS}
}


# ============= I ===================

@ARTICLE{Ilidio:2014,
       author = {{Lopes}, Il{\'\i}dio and {Panci}, Paolo and {Silk}, Joseph},
        title = "{Helioseismology with Long-range Dark Matter-Baryon Interactions}",
      journal = {\apj},
     keywords = {cosmology: miscellaneous, dark matter, elementary particles, Sun: helioseismology, Astrophysics - Solar and Stellar Astrophysics, Astrophysics - Cosmology and Nongalactic Astrophysics, Astrophysics - High Energy Astrophysical Phenomena, High Energy Physics - Experiment, High Energy Physics - Phenomenology},
         year = 2014,
        month = nov,
       volume = {795},
       number = {2},
          eid = {162},
        pages = {162},
          doi = {10.1088/0004-637X/795/2/162},
archivePrefix = {arXiv},
       eprint = {1402.0682},
 primaryClass = {astro-ph.SR},
       adsurl = {https://ui.adsabs.harvard.edu/abs/2014ApJ...795..162L},
      adsnote = {Provided by the SAO/NASA Astrophysics Data System}
}



@ARTICLE{Ilie:2012,
       author = {{Ilie}, Cosmin and {Freese}, Katherine and {Valluri}, Monica and
         {Iliev}, Ilian T. and {Shapiro}, Paul R.},
        title = "{Observing supermassive dark stars with James Webb Space Telescope}",
      journal = {\mnras},
     keywords = {stars: Population III, stars: pre-main-sequence, galaxies: high-redshift, dark ages, reionization, first stars, dark matter, Astrophysics - Cosmology and Nongalactic Astrophysics},
         year = "2012",
        month = "May",
       volume = {422},
       number = {3},
        pages = {2164-2186},
          doi = {10.1111/j.1365-2966.2012.20760.x},
archivePrefix = {arXiv},
       eprint = {1110.6202},
 primaryClass = {astro-ph.CO},
       adsurl = {https://ui.adsabs.harvard.edu/abs/2012MNRAS.422.2164I},
      adsnote = {Provided by the SAO/NASA Astrophysics Data System}
}

@article{Ilie:2019,
    author = "Ilie, Cosmin and Zhang, Saiyang",
    archivePrefix = "arXiv",
    doi = "10.1088/1475-7516/2019/12/051",
    eprint = "1908.02700",
    journal = "JCAP",
    pages = "051",
    primaryClass = "astro-ph.CO",
    title = "{Multiscatter capture of superheavy dark matter by Pop. III stars}",
    volume = "12",
    year = "2019"
}


@article{Ilie:2019Erratum,
    author = "Ilie, Cosmin and Zhang, Saiyang",
    journal = "JCAP",
    primaryClass = "astro-ph.CO",
    title = "{Erratum:Multiscatter capture of superheavy dark matter by Pop. III stars (unpublished)}",
    year = "2020"
}

@article{Ilie:2020PopIII,
    author = "Ilie, Cosmin and Pilawa, Jacob and Zhang, Saiyang",
    
    journal = "(inpreparation, unpublished)",
    
    title = "{Population III stars as dark matter detectors}",
    year = "2020"
}

@ARTICLE{Ilie:2020Comment,
       author = {{Ilie}, Cosmin and {Pilawa}, Jacob and {Zhang}, Saiyang},
        title = "{Comment on ``Multiscatter stellar capture of dark matter''}",
      journal = {Physical Review D},
     keywords = {Astrophysics - Cosmology and Nongalactic Astrophysics, Astrophysics - High Energy Astrophysical Phenomena, Astrophysics - Solar and Stellar Astrophysics, High Energy Physics - Phenomenology},
         year = 2020,
        month = "July",
        volume = "(accepted)",
          eid = {arXiv:2005.05946},
        pages = {arXiv:2005.05946},
archivePrefix = {arXiv},
       eprint = {2005.05946},
 primaryClass = {astro-ph.CO},
       adsurl = {https://ui.adsabs.harvard.edu/abs/2020arXiv200505946I},
      adsnote = {Provided by the SAO/NASA Astrophysics Data System}
}


@ARTICLE{Ilie:2020floor,
       author = {{Ilie}, Cosmin and {Levy}, Caleb and {Pilawa}, Jacob and {Zhang}, Saiyang},
        title = "{Probing below the neutrino floor with the first generation of stars}",
      journal = {arXiv e-prints},
     keywords = {Astrophysics - Cosmology and Nongalactic Astrophysics, High Energy Physics - Phenomenology},
         year = 2020,
        month = sep,
          eid = {arXiv:2009.11478},
        pages = {arXiv:2009.11478},
archivePrefix = {arXiv},
       eprint = {2009.11478},
 primaryClass = {astro-ph.CO},
       adsurl = {https://ui.adsabs.harvard.edu/abs/2020arXiv200911478I},
      adsnote = {Provided by the SAO/NASA Astrophysics Data System}
}




@ARTICLE{Ilie:2020popiii,
       author = {{Ilie}, Cosmin and {Levy}, Caleb and {Pilawa}, Jacob and {Zhang}, Saiyang},
        title = "{Constraining Dark Matter properties with the first generation of stars}",
      journal = {arXiv e-prints},
     keywords = {Astrophysics - Cosmology and Nongalactic Astrophysics, High Energy Physics - Phenomenology},
         year = 2020,
        month = sep,
          eid = {arXiv:2009.11474},
        pages = {arXiv:2009.11474},
archivePrefix = {arXiv},
       eprint = {2009.11474},
 primaryClass = {astro-ph.CO},
       adsurl = {https://ui.adsabs.harvard.edu/abs/2020arXiv200911474I},
      adsnote = {Provided by the SAO/NASA Astrophysics Data System}
}




@ARTICLE{Iocco:2008,
       author = {{Iocco}, F. and {Bressan}, A. and {Ripamonti}, E. and {Schneider}, R. and
         {Ferrara}, A. and {Marigo}, P.},
        title = "{Dark matter annihilation effects on the first stars}",
      journal = {\mnras},
     keywords = {stars: evolution, stars: pre-main-sequence, dark matter, early Universe, Astrophysics, High Energy Physics - Phenomenology},
         year = "2008",
        month = "Nov",
       volume = {390},
       number = {4},
        pages = {1655-1669},
          doi = {10.1111/j.1365-2966.2008.13853.x},
archivePrefix = {arXiv},
       eprint = {0805.4016},
 primaryClass = {astro-ph},
       adsurl = {https://ui.adsabs.harvard.edu/abs/2008MNRAS.390.1655I},
      adsnote = {Provided by the SAO/NASA Astrophysics Data System}
}

@article{Iocco:2008cap,
      author         = "Iocco, Fabio",
      title          = "{Dark Matter Capture and Annihilation on the First Stars:
                        Preliminary Estimates}",
      journal        = "Astrophys. J.",
      volume         = "677",
      year           = "2008",
      pages          = "L1-L4",
      doi            = "10.1086/587959",
      eprint         = "0802.0941",
      archivePrefix  = "arXiv",
      primaryClass   = "astro-ph",
      reportNumber   = "SLAC-PUB-13212",
      SLACcitation   = "%%CITATION = ARXIV:0802.0941;%%"
}

# ============= J ===================
@ARTICLE{Jungman:1996,
       author = {{Jungman}, G. and {Kamionkowski}, M. and {Griest}, K.},
        title = "{Supersymmetric dark matter}",
      journal = {\physrep},
     keywords = {High Energy Physics - Phenomenology, Astrophysics, Nuclear Theory},
         year = "1996",
        month = "Mar",
       volume = {267},
        pages = {195-373},
          doi = {10.1016/0370-1573(95)00058-5},
archivePrefix = {arXiv},
       eprint = {hep-ph/9506380},
 primaryClass = {hep-ph},
       adsurl = {https://ui.adsabs.harvard.edu/abs/1996PhR...267..195J},
      adsnote = {Provided by the SAO/NASA Astrophysics Data System}
}




# ============= K ===================


@ARTICLE{Kahn:1959,
       author = {{Kahn}, F.~D. and {Woltjer}, L.},
        title = "{Intergalactic Matter and the Galaxy.}",
      journal = {\apj},
         year = 1959,
        month = nov,
       volume = {130},
        pages = {705},
          doi = {10.1086/146762},
       adsurl = {https://ui.adsabs.harvard.edu/abs/1959ApJ...130..705K},
      adsnote = {Provided by the SAO/NASA Astrophysics Data System}
}


@ARTICLE{Kavanagh:2018,
       author = {{Kavanagh}, Bradley J.},
        title = "{Earth scattering of superheavy dark matter: Updated constraints from detectors old and new}",
      journal = {\prd},
     keywords = {High Energy Physics - Phenomenology, Astrophysics - Cosmology and Nongalactic Astrophysics},
         year = "2018",
        month = "Jun",
       volume = {97},
       number = {12},
          eid = {123013},
        pages = {123013},
          doi = {10.1103/PhysRevD.97.123013},
archivePrefix = {arXiv},
       eprint = {1712.04901},
 primaryClass = {hep-ph},
       adsurl = {https://ui.adsabs.harvard.edu/abs/2018PhRvD..97l3013K},
      adsnote = {Provided by the SAO/NASA Astrophysics Data System}
}



@ARTICLE{Klessen:2018,
       author = {{Klessen}, Ralf S.},
        title = "{Formation of the first stars}",
      journal = {arXiv e-prints},
     keywords = {Astrophysics - Astrophysics of Galaxies, Astrophysics - High Energy Astrophysical Phenomena},
         year = "2018",
        month = "Jul",
          eid = {arXiv:1807.06248},
        pages = {arXiv:1807.06248},
archivePrefix = {arXiv},
       eprint = {1807.06248},
 primaryClass = {astro-ph.GA},
       adsurl = {https://ui.adsabs.harvard.edu/abs/2018arXiv180706248K},
      adsnote = {Provided by the SAO/NASA Astrophysics Data System}
}

@INPROCEEDINGS{Kolb:1999,
       author = {{Kolb}, E.~W. and {Chung}, D.~J.~H. and {Riotto}, A.},
        title = "{WIMPZILLAS!}",
     keywords = {High Energy Physics - Phenomenology, Astrophysics},
    booktitle = {Dark matter in Astrophysics and Particle Physics},
         year = "1999",
       editor = {{Klapdor-Kleingrothaus}, H.~V. and {Baudis}, L.},
        month = "Jan",
        pages = {592},
archivePrefix = {arXiv},
       eprint = {hep-ph/9810361},
 primaryClass = {hep-ph},
       adsurl = {https://ui.adsabs.harvard.edu/abs/1999dmap.conf..592K},
      adsnote = {Provided by the SAO/NASA Astrophysics Data System}
}

@ARTICLE{Kouvaris:2010,
       author = {{Kouvaris}, Chris and {Tinyakov}, Peter},
        title = "{Can neutron stars constrain dark matter?}",
      journal = {\prd},
     keywords = {95.35.+d, 97.60.Jd, Dark matter, Neutron stars, Astrophysics - Astrophysics of Galaxies, High Energy Physics - Phenomenology},
         year = 2010,
        month = sep,
       volume = {82},
       number = {6},
          eid = {063531},
        pages = {063531},
          doi = {10.1103/PhysRevD.82.063531},
archivePrefix = {arXiv},
       eprint = {1004.0586},
 primaryClass = {astro-ph.GA},
       adsurl = {https://ui.adsabs.harvard.edu/abs/2010PhRvD..82f3531K},
      adsnote = {Provided by the SAO/NASA Astrophysics Data System}
}



# ============= L ===================
@ARTICLE{Leane:2021,
       author = {{Leane}, Rebecca K. and {Linden}, Tim},
        title = "{First Analysis of Jupiter in Gamma Rays and a New Search for Dark Matter}",
      journal = {arXiv e-prints},
     keywords = {Astrophysics - High Energy Astrophysical Phenomena, Astrophysics - Earth and Planetary Astrophysics, High Energy Physics - Phenomenology},
         year = 2021,
        month = apr,
          eid = {arXiv:2104.02068},
        pages = {arXiv:2104.02068},
archivePrefix = {arXiv},
       eprint = {2104.02068},
 primaryClass = {astro-ph.HE},
       adsurl = {https://ui.adsabs.harvard.edu/abs/2021arXiv210402068L},
      adsnote = {Provided by the SAO/NASA Astrophysics Data System}
}



@article{liu2017current,
  title={Current status of direct dark matter detection experiments},
  author={Liu, Jianglai and Chen, Xun and Ji, Xiangdong},
  journal={Nature Physics},
  volume={13},
  number={3},
  pages={212},
  year={2017},
  publisher={Nature Publishing Group}
}

@book{Loeb:2010,
author = {Loeb, Abraham},
title = {{How did the first stars and galaxies form?}},
publisher = {Princeton University Press},
year = {2010},
address = {Princeton, NJ}
}

@ARTICLE{Lopes:2014,
       author = {{Lopes}, Il{\'\i}dio and {Silk}, Joseph},
        title = "{A Particle Dark Matter Footprint on the First Generation of Stars}",
      journal = {\apj},
     keywords = {cosmology: miscellaneous, dark matter, elementary particles, stars: early-type, stars: low-mass, Astrophysics - Cosmology and Nongalactic Astrophysics, Astrophysics - Astrophysics of Galaxies, High Energy Physics - Phenomenology, High Energy Physics - Theory},
         year = 2014,
        month = may,
       volume = {786},
       number = {1},
          eid = {25},
        pages = {25},
          doi = {10.1088/0004-637X/786/1/25},
archivePrefix = {arXiv},
       eprint = {1404.3909},
 primaryClass = {astro-ph.CO},
       adsurl = {https://ui.adsabs.harvard.edu/abs/2014ApJ...786...25L},
      adsnote = {Provided by the SAO/NASA Astrophysics Data System}
}



# ============= M ===================
@article{mckee2008formation,
  title={The formation of the first stars. II. Radiative feedback processes and implications for the initial mass function},
  author={McKee, Christopher F and Tan, Jonathan C},
  journal={The Astrophysical Journal},
  volume={681},
  number={2},
  pages={771},
  year={2008},
  publisher={IOP Publishing}
}

@ARTICLE{Meritt:1996,
   author = {{Merritt}, D. and {Fridman}, T.},
    title = "{Triaxial Galaxies with Cusps}",
  journal = {\apj},
   eprint = {astro-ph/9511021},
 keywords = {CELESTIAL MECHANICS, STELLAR DYNAMICS, GALAXIES: KINEMATICS AND DYNAMICS, METHODS: NUMERICAL},
     year = 1996,
    month = mar,
   volume = 460,
    pages = {136},
      doi = {10.1086/176957},
   adsurl = {https://ui.adsabs.harvard.edu/abs/1996ApJ...460..136M},
  adsnote = {Provided by the SAO/NASA Astrophysics Data System}
}

@ARTICLE{Meritt:1996b,
   author = {{Merritt}, D. and {Valluri}, M.},
    title = "{Chaos and Mixing in Triaxial Stellar Systems}",
  journal = {\apj},
   eprint = {astro-ph/9602079},
 keywords = {CELESTIAL MECHANICS, STELLAR DYNAMICS, GALAXIES: ELLIPTICAL AND LENTICULAR, CD, GALAXIES: KINEMATICS AND DYNAMICS, METHODS: NUMERICAL},
     year = 1996,
    month = nov,
   volume = 471,
    pages = {82},
      doi = {10.1086/177955},
   adsurl = {https://ui.adsabs.harvard.edu/abs/1996ApJ...471...82M},
  adsnote = {Provided by the SAO/NASA Astrophysics Data System}
}

@INPROCEEDINGS{Moskalenko:2007,
       author = {{Moskalenko}, Igor V. and {Wai}, Lawrence L.},
        title = "{Identifying Dark Matter Burners in the Galactic center}",
     keywords = {95.35.+d, 98.35.Jk, 95.30.Cq, 97.10.Cv, Dark matter, Galactic center bar circumnuclear matter and bulge, Elementary particle processes, Stellar structure interiors evolution nucleosynthesis ages, Astrophysics, High Energy Physics - Phenomenology},
    booktitle = {The First GLAST Symposium},
         year = 2007,
       editor = {{Ritz}, Steven and {Michelson}, Peter and {Meegan}, Charles A.},
       series = {American Institute of Physics Conference Series},
       volume = {921},
        month = jul,
        pages = {508-509},
          doi = {10.1063/1.2757425},
archivePrefix = {arXiv},
       eprint = {0704.1324},
 primaryClass = {astro-ph},
       adsurl = {https://ui.adsabs.harvard.edu/abs/2007AIPC..921..508M},
      adsnote = {Provided by the SAO/NASA Astrophysics Data System}
}



# ============= N ===================



@ARTICLE{Navarro:1995,
       author = {{Navarro}, Julio F. and {Frenk}, Carlos S. and {White}, Simon D.~M.},
        title = "{Simulations of X-ray clusters}",
      journal = {\mnras},
     keywords = {GALAXIES: CLUSTERS: GENERAL, COSMOLOGY: THEORY, DARK MATTER, X-RAYS: GENERAL, Astrophysics},
         year = "1995",
        month = "Aug",
       volume = {275},
       number = {3},
        pages = {720-740},
          doi = {10.1093/mnras/275.3.720},
archivePrefix = {arXiv},
       eprint = {astro-ph/9408069},
 primaryClass = {astro-ph},
       adsurl = {https://ui.adsabs.harvard.edu/abs/1995MNRAS.275..720N},
      adsnote = {Provided by the SAO/NASA Astrophysics Data System}
}


@ARTICLE{Navarro:1997,
       author = {{Navarro}, Julio F. and {Frenk}, Carlos S. and {White}, Simon D.~M.},
        title = "{A Universal Density Profile from Hierarchical Clustering}",
      journal = {\apj},
     keywords = {Cosmology: Theory, Cosmology: Dark Matter, Galaxies: Halos, Methods: Numerical, Astrophysics},
         year = "1997",
        month = "Dec",
       volume = {490},
       number = {2},
        pages = {493-508},
          doi = {10.1086/304888},
archivePrefix = {arXiv},
       eprint = {astro-ph/9611107},
 primaryClass = {astro-ph},
       adsurl = {https://ui.adsabs.harvard.edu/abs/1997ApJ...490..493N},
      adsnote = {Provided by the SAO/NASA Astrophysics Data System}
}



@ARTICLE{Navarro:1996,
       author = {{Navarro}, Julio F. and {Frenk}, Carlos S. and {White}, Simon D.~M.},
        title = "{The Structure of Cold Dark Matter Halos}",
      journal = {\apj},
     keywords = {COSMOLOGY: THEORY, COSMOLOGY: DARK MATTER, GALAXIES: HALOS, METHODS: NUMERICAL, Astrophysics},
         year = "1996",
        month = "May",
       volume = {462},
        pages = {563},
          doi = {10.1086/177173},
archivePrefix = {arXiv},
       eprint = {astro-ph/9508025},
 primaryClass = {astro-ph},
       adsurl = {https://ui.adsabs.harvard.edu/abs/1996ApJ...462..563N},
      adsnote = {Provided by the SAO/NASA Astrophysics Data System}
}

@ARTICLE{Niu:2017,
       author = {{Niu}, Jia-Shu and {Zong}, Weikai and {Xue}, Hui-Fang},
        title = "{Constrain the Dark Matter Electron Cross Section from Pulsating White Dwarfs}",
      journal = {arXiv e-prints},
     keywords = {Astrophysics - High Energy Astrophysical Phenomena, Astrophysics - Solar and Stellar Astrophysics},
         year = 2017,
        month = mar,
          eid = {arXiv:1703.10104},
        pages = {arXiv:1703.10104},
archivePrefix = {arXiv},
       eprint = {1703.10104},
 primaryClass = {astro-ph.HE},
       adsurl = {https://ui.adsabs.harvard.edu/abs/2017arXiv170310104N},
      adsnote = {Provided by the SAO/NASA Astrophysics Data System}
}



# ============= O ===================
@ARTICLE{Ohkubo:2009,
       author = {{Ohkubo}, Takuya and {Nomoto}, Ken'ichi and {Umeda}, Hideyuki and
         {Yoshida}, Naoki and {Tsuruta}, Sachiko},
        title = "{Evolution of Very Massive Population III Stars with Mass Accretion from Pre-main Sequence to Collapse}",
      journal = {\apj},
     keywords = {accretion, accretion disks, nuclear reactions, nucleosynthesis, abundances, stars: abundances, stars: evolution, stars: formation, supernovae: general, Astrophysics - Solar and Stellar Astrophysics},
         year = "2009",
        month = "Dec",
       volume = {706},
       number = {2},
        pages = {1184-1193},
          doi = {10.1088/0004-637X/706/2/1184},
archivePrefix = {arXiv},
       eprint = {0902.4573},
 primaryClass = {astro-ph.SR},
       adsurl = {https://ui.adsabs.harvard.edu/abs/2009ApJ...706.1184O},
      adsnote = {Provided by the SAO/NASA Astrophysics Data System}
}



# ============= P ===================

@ARTICLE{MESA:2011,
       author = {{Paxton}, Bill and {Bildsten}, Lars and {Dotter}, Aaron and {Herwig}, Falk and {Lesaffre}, Pierre and {Timmes}, Frank},
        title = "{Modules for Experiments in Stellar Astrophysics (MESA)}",
      journal = {\apjs},
     keywords = {methods: numerical, stars: evolution, stars: general, Astrophysics - Solar and Stellar Astrophysics, Astrophysics - Instrumentation and Methods for Astrophysics},
         year = 2011,
        month = jan,
       volume = {192},
       number = {1},
          eid = {3},
        pages = {3},
          doi = {10.1088/0067-0049/192/1/3},
archivePrefix = {arXiv},
       eprint = {1009.1622},
 primaryClass = {astro-ph.SR},
       adsurl = {https://ui.adsabs.harvard.edu/abs/2011ApJS..192....3P},
      adsnote = {Provided by the SAO/NASA Astrophysics Data System}
}


@ARTICLE{MESA:2013,
       author = {{Paxton}, Bill and {Cantiello}, Matteo and {Arras}, Phil and {Bildsten}, Lars and {Brown}, Edward F. and {Dotter}, Aaron and {Mankovich}, Christopher and {Montgomery}, M.~H. and {Stello}, Dennis and {Timmes}, F.~X. and {Townsend}, Richard},
        title = "{Modules for Experiments in Stellar Astrophysics (MESA): Planets, Oscillations, Rotation, and Massive Stars}",
      journal = {\apjs},
     keywords = {asteroseismology, methods: numerical, planets and satellites: physical evolution, stars: evolution, stars: massive, stars: rotation, Astrophysics - Solar and Stellar Astrophysics, Astrophysics - Instrumentation and Methods for Astrophysics},
         year = 2013,
        month = sep,
       volume = {208},
       number = {1},
          eid = {4},
        pages = {4},
          doi = {10.1088/0067-0049/208/1/4},
archivePrefix = {arXiv},
       eprint = {1301.0319},
 primaryClass = {astro-ph.SR},
       adsurl = {https://ui.adsabs.harvard.edu/abs/2013ApJS..208....4P},
      adsnote = {Provided by the SAO/NASA Astrophysics Data System}
}


@ARTICLE{MESA:2019,
       author = {{Paxton}, Bill and {Smolec}, R. and {Schwab}, Josiah and {Gautschy}, A. and {Bildsten}, Lars and {Cantiello}, Matteo and {Dotter}, Aaron and {Farmer}, R. and {Goldberg}, Jared A. and {Jermyn}, Adam S. and {Kanbur}, S.~M. and {Marchant}, Pablo and {Thoul}, Anne and {Townsend}, Richard H.~D. and {Wolf}, William M. and {Zhang}, Michael and {Timmes}, F.~X.},
        title = "{Modules for Experiments in Stellar Astrophysics (MESA): Pulsating Variable Stars, Rotation, Convective Boundaries, and Energy Conservation}",
      journal = {\apjs},
     keywords = {stars: evolution, stars: general, stars: interiors, stars: oscillations:  including pulsations, stars: rotation, stars: variables: general, Astrophysics - Solar and Stellar Astrophysics},
         year = 2019,
        month = jul,
       volume = {243},
       number = {1},
          eid = {10},
        pages = {10},
          doi = {10.3847/1538-4365/ab2241},
archivePrefix = {arXiv},
       eprint = {1903.01426},
 primaryClass = {astro-ph.SR},
       adsurl = {https://ui.adsabs.harvard.edu/abs/2019ApJS..243...10P},
      adsnote = {Provided by the SAO/NASA Astrophysics Data System}
}

@article{peebles1968origin,
  title={Origin of the globular star clusters},
  author={Peebles, PJE and Dicke, RH},
  journal={The Astrophysical Journal},
  volume={154},
  pages={891},
  year={1968}
}
@article{Press:1985,
      author         = "Press, William H. and Spergel, David N.",
      title          = "{Capture by the sun of a galactic population of weakly
                        interacting massive particles}",
      journal        = "Astrophys. J.",
      volume         = "296",
      year           = "1985",
      pages          = "679-684",
      doi            = "10.1086/163485",
      note           = "[,277(1985)]",
      SLACcitation   = "%%CITATION = ASJOA,296,679;%%"
}


@BOOK{Profumo,
       author = {{Profumo}, Stefano},
        title = "{An Introduction to Particle Dark Matter}",
         year = 2017,
          doi = {10.1142/Q0001},
       adsurl = {https://ui.adsabs.harvard.edu/abs/2017ipdm.book.....P},
      adsnote = {Provided by the SAO/NASA Astrophysics Data System}
}


# ============= R ===================


@ARTICLE{Rindler-Daller:2020,
       author = {{Rindler-Daller}, Tanja and {Freese}, Katherine and
         {Townsend}, Richard H.~D. and {Visinelli}, Luca},
        title = "{Stability and pulsation of the first dark stars}",
      journal = {arXiv e-prints},
     keywords = {Astrophysics - Cosmology and Nongalactic Astrophysics, Astrophysics - High Energy Astrophysical Phenomena, Astrophysics - Solar and Stellar Astrophysics, High Energy Physics - Phenomenology},
         year = 2020,
        month = oct,
          eid = {arXiv:2011.00231},
        pages = {arXiv:2011.00231},
archivePrefix = {arXiv},
       eprint = {2011.00231},
 primaryClass = {astro-ph.CO},
       adsurl = {https://ui.adsabs.harvard.edu/abs/2020arXiv201100231R},
      adsnote = {Provided by the SAO/NASA Astrophysics Data System}
}


@ARTICLE{Rindler-Daller:2015,
       author = {{Rindler-Daller}, T. and {Montgomery}, M.~H. and {Freese}, K. and {Winget}, D.~E. and {Paxton}, B.},
        title = "{Dark Stars: Improved Models and First Pulsation Results}",
      journal = {\apj},
     keywords = {astroparticle physics, dark ages, reionization, first stars, dark matter, stars: evolution, stars: oscillations (including pulsations), Astrophysics - Cosmology and Nongalactic Astrophysics, Astrophysics - Astrophysics of Galaxies, Astrophysics - Solar and Stellar Astrophysics, High Energy Physics - Phenomenology},
         year = 2015,
        month = feb,
       volume = {799},
       number = {2},
          eid = {210},
        pages = {210},
          doi = {10.1088/0004-637X/799/2/210},
archivePrefix = {arXiv},
       eprint = {1408.2082},
 primaryClass = {astro-ph.CO},
       adsurl = {https://ui.adsabs.harvard.edu/abs/2015ApJ...799..210R},
      adsnote = {Provided by the SAO/NASA Astrophysics Data System}
}



@article{ripamonti2005formation,
  title={The formation of primordial luminous objects},
  author={Ripamonti, Emanuele and Abel, Tom},
  journal={arXiv preprint astro-ph/0507130},
  year={2005}
}

@article{rott2015superheavy,
  title={Superheavy dark matter and IceCube neutrino signals: Bounds on decaying dark matter},
  author={Rott, Carsten and Kohri, Kazunori and Park, Seong Chan},
  journal={Physical Review D},
  volume={92},
  number={2},
  pages={023529},
  year={2015},
  publisher={APS}
}


@ARTICLE{Rubin:1970,
       author = {{Rubin}, Vera C. and {Ford}, W. Kent, Jr.},
        title = "{Rotation of the Andromeda Nebula from a Spectroscopic Survey of Emission Regions}",
      journal = {\apj},
         year = 1970,
        month = feb,
       volume = {159},
        pages = {379},
          doi = {10.1086/150317},
       adsurl = {https://ui.adsabs.harvard.edu/abs/1970ApJ...159..379R},
      adsnote = {Provided by the SAO/NASA Astrophysics Data System}
}


# ============= S ===================
@ARTICLE{Schaerer:2002,
   author = {{Schaerer}, D.},
    title = "{On the properties of massive Population III stars and metal-free stellar populations}",
  journal = {\aap},
   eprint = {astro-ph/0110697},
 keywords = {COSMOLOGY: EARLY UNIVERSE, GALAXIES: STELLAR CONTENT, STARS: GENERAL, STARS: FUNDAMENTAL PARAMETERS, STARS: ATMOSPHERES},
     year = 2002,
    month = jan,
   volume = 382,
    pages = {28-42},
      doi = {10.1051/0004-6361:20011619},
   adsurl = {https://ui.adsabs.harvard.edu/abs/2002A%26A...382...28S},
  adsnote = {Provided by the SAO/NASA Astrophysics Data System}
}

@ARTICLE{Schwarzschild:1954,
       author = {{Schwarzschild}, M.},
        title = "{Mass distribution and mass-luminosity ratio in galaxies}",
      journal = {\aj},
         year = 1954,
        month = sep,
       volume = {59},
        pages = {273},
          doi = {10.1086/107013},
       adsurl = {https://ui.adsabs.harvard.edu/abs/1954AJ.....59..273S},
      adsnote = {Provided by the SAO/NASA Astrophysics Data System}
}



@ARTICLE{Sivertsson:2011,
       author = {{Sivertsson}, Sofia and {Gondolo}, Paolo},
        title = "{The WIMP Capture Process for Dark Stars in the Early Universe}",
      journal = {\apj},
     keywords = {dark matter, stars: formation, Astrophysics - Cosmology and Extragalactic Astrophysics, Astrophysics - Solar and Stellar Astrophysics, High Energy Physics - Phenomenology},
         year = "2011",
        month = "Mar",
       volume = {729},
       number = {1},
          eid = {51},
        pages = {51},
          doi = {10.1088/0004-637X/729/1/51},
archivePrefix = {arXiv},
       eprint = {1006.0025},
 primaryClass = {astro-ph.CO},
       adsurl = {https://ui.adsabs.harvard.edu/abs/2011ApJ...729...51S},
      adsnote = {Provided by the SAO/NASA Astrophysics Data System}
}



@ARTICLE{Smirnov:2020,
       author = {{Smirnov}, Juri and {Beacom}, John F.},
        title = "{Co-SIMP Miracle}",
      journal = {arXiv e-prints},
     keywords = {High Energy Physics - Phenomenology, Astrophysics - Cosmology and Nongalactic Astrophysics, High Energy Physics - Experiment},
         year = 2020,
        month = feb,
          eid = {arXiv:2002.04038},
        pages = {arXiv:2002.04038},
archivePrefix = {arXiv},
       eprint = {2002.04038},
 primaryClass = {hep-ph},
       adsurl = {https://ui.adsabs.harvard.edu/abs/2020arXiv200204038S},
      adsnote = {Provided by the SAO/NASA Astrophysics Data System}
}


@ARTICLE{Spergel:1985,
       author = {{Spergel}, D.~N. and {Press}, W.~H.},
        title = "{Effect of hypothetical, weakly interacting, massive particles on energy transport in the solar interior}",
      journal = {\apj},
     keywords = {Nuclear Fusion, Particle Interactions, Solar Interior, Solar Neutrinos, Stellar Cores, Angular Momentum, Anisotropy, Energy Transfer, Evaporation, Orbits, Scattering Cross Sections, Weak Interactions (Field Theory), Solar Physics},
         year = 1985,
        month = jul,
       volume = {294},
        pages = {663-673},
          doi = {10.1086/163336},
       adsurl = {https://ui.adsabs.harvard.edu/abs/1985ApJ...294..663S},
      adsnote = {Provided by the SAO/NASA Astrophysics Data System}
}



@article{Spolyar:2008dark,
      author         = "Spolyar, Douglas and Freese, Katherine and Gondolo,
                        Paolo",
      title          = "{Dark matter and the first stars: a new phase of stellar
                        evolution}",
      journal        = "Phys. Rev. Lett.",
      volume         = "100",
      year           = "2008",
      pages          = "051101",
      doi            = "10.1103/PhysRevLett.100.051101",
      eprint         = "0705.0521",
      archivePrefix  = "arXiv",
      primaryClass   = "astro-ph",
      SLACcitation   = "%%CITATION = ARXIV:0705.0521;%%"
}

@article{Spolyar:2009,
      author         = "Spolyar, Douglas and Bodenheimer, Peter and Freese,
                        Katherine and Gondolo, Palo",
      title          = "{Dark Stars: a new look at the First Stars in the
                        Universe}",
      journal        = "Astrophys. J.",
      volume         = "705",
      year           = "2009",
      pages          = "1031-1042",
      doi            = "10.1088/0004-637X/705/1/1031",
      eprint         = "0903.3070",
      archivePrefix  = "arXiv",
      primaryClass   = "astro-ph.CO",
      SLACcitation   = "%%CITATION = ARXIV:0903.3070;%%"
}

@ARTICLE{Springel:2005,
       author = {{Springel}, Volker and {White}, Simon D.~M. and {Jenkins}, Adrian and
         {Frenk}, Carlos S. and {Yoshida}, Naoki and {Gao}, Liang and
         {Navarro}, Julio and {Thacker}, Robert and {Croton}, Darren and
         {Helly}, John and {Peacock}, John A. and {Cole}, Shaun and
         {Thomas}, Peter and {Couchman}, Hugh and {Evrard}, August and
         {Colberg}, J{\"o}rg and {Pearce}, Frazer},
        title = "{Simulations of the formation, evolution and clustering of galaxies and quasars}",
      journal = {\nat},
     keywords = {Astrophysics},
         year = 2005,
        month = jun,
       volume = {435},
       number = {7042},
        pages = {629-636},
          doi = {10.1038/nature03597},
archivePrefix = {arXiv},
       eprint = {astro-ph/0504097},
 primaryClass = {astro-ph},
       adsurl = {https://ui.adsabs.harvard.edu/abs/2005Natur.435..629S},
      adsnote = {Provided by the SAO/NASA Astrophysics Data System}
}

@article{sokasian2004cosmic,
  title={Cosmic reionization by stellar sources: population III stars},
  author={Sokasian, Aaron and Yoshida, Naoki and Abel, Tom and Hernquist, Lars and Springel, Volker},
  journal={Monthly Notices of the Royal Astronomical Society},
  volume={350},
  number={1},
  pages={47--65},
  year={2004},
  publisher={Blackwell Science Ltd Oxford, UK}
}

# ============= T ===================

@ARTICLE{Taoso:2010,
       author = {{Taoso}, Marco and {Iocco}, Fabio and {Meynet}, Georges and
         {Bertone}, Gianfranco and {Eggenberger}, Patrick},
        title = "{Effect of low mass dark matter particles on the Sun}",
      journal = {\prd},
     keywords = {95.35.+d, 26.65.+t, 96.60.Ly, Dark matter, Solar neutrinos, Helioseismology pulsations and shock waves, Astrophysics - Cosmology and Nongalactic Astrophysics, High Energy Physics - Phenomenology},
         year = 2010,
        month = oct,
       volume = {82},
       number = {8},
          eid = {083509},
        pages = {083509},
          doi = {10.1103/PhysRevD.82.083509},
archivePrefix = {arXiv},
       eprint = {1005.5711},
 primaryClass = {astro-ph.CO},
       adsurl = {https://ui.adsabs.harvard.edu/abs/2010PhRvD..82h3509T},
      adsnote = {Provided by the SAO/NASA Astrophysics Data System}
}



@article{Tan_2016,
   title={Dark Matter Results from First 98.7 Days of Data from the PandaX-II Experiment},
   volume={117},
   ISSN={1079-7114},
   url={http://dx.doi.org/10.1103/PhysRevLett.117.121303},
   DOI={10.1103/physrevlett.117.121303},
   number={12},
   journal={Physical Review Letters},
   publisher={American Physical Society (APS)},
   author={Tan, Andi and Xiao, Mengjiao and Cui, Xiangyi and Chen, Xun and Chen, Yunhua and Fang, Deqing and Fu, Changbo and Giboni, Karl and Giuliani, Franco and Gong, Haowei and et al.},
   year={2016},
   month={Sep}
}


@ARTICLE{Thorne:1977ApJ,
       author = {{Thorne}, K.~S.},
        title = "{The relativistic equations of stellar structure and evolution.}",
      journal = {\apj},
     keywords = {Newton Theory, Relativity, Stellar Evolution, Stellar Structure, Boundary Value Problems, Convective Flow, Differential Equations, Energy Transfer, Gravitational Constant, Independent Variables, Light Speed, Mixing Length Flow Theory, Radiative Transfer, Thermodynamic Properties, Astrophysics},
         year = 1977,
        month = mar,
       volume = {212},
        pages = {825-831},
          doi = {10.1086/155108},
       adsurl = {https://ui.adsabs.harvard.edu/abs/1977ApJ...212..825T},
      adsnote = {Provided by the SAO/NASA Astrophysics Data System}
}



# ============= U ===================
@article{undagoitia2015dark,
  title={Dark matter direct-detection experiments},
  author={Undagoitia, Teresa Marrodan and Rauch, Ludwig},
  journal={Journal of Physics G: Nuclear and Particle Physics},
  volume={43},
  number={1},
  pages={013001},
  year={2015},
  publisher={IOP Publishing}
}


# ============= V ===================
@article{iocco2008dark,
  title={Dark matter capture and annihilation on the first stars: preliminary estimates},
  author={Iocco, Fabio},
  journal={The Astrophysical Journal Letters},
  volume={677},
  number={1},
  pages={L1},
  year={2008},
  publisher={IOP Publishing}
}


# ============= W ===================


@ARTICLE{Weinberg:1978,
       author = {{Weinberg}, Steven},
        title = "{A new light boson?}",
      journal = {\prl},
         year = 1978,
        month = jan,
       volume = {40},
       number = {4},
        pages = {223-226},
          doi = {10.1103/PhysRevLett.40.223},
       adsurl = {https://ui.adsabs.harvard.edu/abs/1978PhRvL..40..223W},
      adsnote = {Provided by the SAO/NASA Astrophysics Data System}
}


@ARTICLE{Wilczek:1978,
       author = {{Wilczek}, F.},
        title = "{Problem of strong P and T invariance in the presence of instantons}",
      journal = {\prl},
         year = 1978,
        month = jan,
       volume = {40},
       number = {5},
        pages = {279-282},
          doi = {10.1103/PhysRevLett.40.279},
       adsurl = {https://ui.adsabs.harvard.edu/abs/1978PhRvL..40..279W},
      adsnote = {Provided by the SAO/NASA Astrophysics Data System}
}


@ARTICLE{Wolf:1914,
       author = {{Wolf}, M.},
        title = "{Veranderlicher 80.1914 Comae.}",
      journal = {Astronomische Nachrichten},
         year = 1914,
        month = jul,
       volume = {198},
        pages = {371-371},
       adsurl = {https://ui.adsabs.harvard.edu/abs/1914AN....198..371W},
      adsnote = {Provided by the SAO/NASA Astrophysics Data System}
}





# ============= X ===================


# ============= Z ===================
@article{Zwicky:1937,
  title={On the Masses of Nebulae and of Clusters of Nebulae},
  author={Zwicky, Fritz},
  journal={The Astrophysical Journal},
  volume={86},
  pages={217},
  year={1937}
}

@ARTICLE{Zwicky:1933,
       author = {{Zwicky}, F.},
        title = "{Die Rotverschiebung von extragalaktischen Nebeln}",
      journal = {Helvetica Physica Acta},
         year = 1933,
        month = jan,
       volume = {6},
        pages = {110-127},
       adsurl = {https://ui.adsabs.harvard.edu/abs/1933AcHPh...6..110Z},
      adsnote = {Provided by the SAO/NASA Astrophysics Data System}
}



# ============= Y ===================

@article{Yoshida:2006,
      author         = "Yoshida, Naoki and Omukai, Kazuyuki and Hernquist, Lars
                        and Abel, Tom",
      title          = "{Formation of Primordial Stars in a lambda-CDM Universe}",
      booktitle      = "{Proceedings, 10th International Conference on B-Physics
                        at Hadron Machines (Beauty 2005): Assisi (Perugia), Italy,
                        20-24 June 2005}",
      journal        = "Astrophys. J.",
      volume         = "652",
      year           = "2006",
      pages          = "6-25",
      doi            = "10.1086/507978",
      eprint         = "astro-ph/0606106",
      archivePrefix  = "arXiv",
      primaryClass   = "astro-ph",
      reportNumber   = "SLAC-PUB-11881",
      SLACcitation   = "%%CITATION = ASTRO-PH/0606106;%%"
}

@article{Yoshida:2008,
      author         = "Yoshida, Naoki and Omukai, Kazuyuki and Hernquist, Lars",
      title          = "{Protostar Formation in the Early Universe}",
      journal        = "Science",
      volume         = "321",
      year           = "2008",
      pages          = "669",
      doi            = "10.1126/science.1160259",
      eprint         = "0807.4928",
      archivePrefix  = "arXiv",
      primaryClass   = "astro-ph",
      SLACcitation   = "%%CITATION = ARXIV:0807.4928;%%"
}

# =============  W ===================
@ARTICLE{Windhorst:2019,
       author = {{Windhorst}, Rogier and {Alpaslan}, M. and {Andrews}, S. and
         {Ashcraft}, T. and {Broadhurst}, T. and {Coe}, D. and {Conselice}, C. and
         {Cohen}, S. and {Diego}, J. and {Dijkstra}, M. and {Driver}, S. and
         {Duncan}, K. and {Finkelstein}, S. and {Frye}, B. and {Griffiths}, A. and
         {Grogin}, N. and {Hathi}, N. and {Hopkins}, A. and {Jansen}, R. and
         {Joshi}, B. and {Kashlinsky}, A. and {Keel}, W. and {Kelly}, P. and
         {Kim}, D. and {Koekemoer}, A. and {Larson}, R. and {Livermore}, R. and
         {Marshall}, M. and {Mechtley}, M. and {Pirzkal}, N. and {Rieke}, M. and
         {Riess}, A. and {Robotham}, A. and {Rodney}, S. and
         {R{\"o}ttgering}, H. and {Rutkowski}, M. and {Ryan}, R., Jr. and
         {Smith}, B. and {Straughn}, A. and {Strolger}, L. and {Tilvi}, V. and
         {Timmes}, F. and {Wilkins}, S. and {Willmer}, C. and {Windhorst}, R. and
         {Wyithe}, S. and {Yan}, H. and {Zitrin}, A.},
        title = "{On the observability of individual Population III stars and their stellar-mass black hole accretion disks through cluster caustic transits}",
      journal = {\baas},
     keywords = {Astrophysics - Astrophysics of Galaxies},
         year = "2019",
        month = "May",
       volume = {51},
       number = {3},
          eid = {449},
        pages = {449},
archivePrefix = {arXiv},
       eprint = {1903.06527},
 primaryClass = {astro-ph.GA},
       adsurl = {https://ui.adsabs.harvard.edu/abs/2019BAAS...51c.449W},
      adsnote = {Provided by the SAO/NASA Astrophysics Data System}
}


